@misc{Guidebook,
    author = {Guidebook Inc.},
    title = {Guidebook Terms of Service},
    year = {2022},
    note = {Last Updated 21 September, 2022},
    note = {Last Accessed 17 April, 2024},
    url = {https://guidebook.com/terms}
}

@misc{UofW_IT,
    author = {University of Washington Information Technology},
    title = {Social Media in the Classroom: Opportunities, Challenges & Recommendations},
    year = {2022},
    note = {Last Updated 22 September, 2022},
    note = {Last Accessed 17 April, 2024},
    url = {https://itconnect.uw.edu/tools-services-support/teaching-learning/research/usage-of-campus-technology/ecar-social-media/}
}
@misc{WCAG,
    author = {Web Accessibility Initiative of the World Wide Web Consortium},
    title = {Web Content Accessibility Guidelines},
    year = {1999},
    note = {Last Updated 07 December, 2023},
    note = {Last Accessed 17 April, 2024},
    url = {https://www.levelaccess.com/resources/must-have-wcag-2-1-checklist/?utm_term=web%20content%20accessibility%20guidelines&utm_source=google&utm_medium=cpc&utm_campaign=G_S_WCAG_NA&hsa_net=adwords&hsa_grp=154008227943&hsa_mt=e&hsa_tgt=kwd-303730062944&hsa_kw=web%20content%20accessibility%20guidelines&hsa_src=g&hsa_acc=4319570901&hsa_cam=20745927246&hsa_ver=3&hsa_ad=679860537505&gad_source=1&gclid=CjwKCAjw5v2wBhBrEiwAXDDoJbbXbVFhekF-TLGHqQYDiivm5OXZq4ZP3hDBY3cAZp-SLQatflvHTRoCNiAQAvD_BwE}
}

@article{Appedus,
    author = {Editorial},
    title = {The Ethics of Mobile App Development: Considerations and Best Practices},
    journal = {Appedus: Featured: Mobile App Development},
    year = {2023},
    note = {Last Accessed 17 April, 2024},
    url = {https://appedus.com/mobile-app-development-considerations/}
}

@article{ANA_MobileMarketing,
    author = {Association of National Advertisers},
    title = {Guidelines for Ethical Business Practice: Mobile Marketing},
    journal = {Center for Ethical Marketing},
    year = {2024},
    note = {Copyright Â© 2024 Association of National Advertisers-established in 1910},
    url = {https://www.ana.net/content/show/id/accountability-digital-marketing-ethical-mobile}
}
